%
% JOURNAL ABBREVIATIONS
%
@STRING{AMS 	= "Amer.\ Meteor.\ Soc."}
@STRING{AGU 	= "Amer.\ Geophys.\ Union"}
@STRING{AIP 	= "Amer. Inst. Phys."}
@STRING{ADGEO     = "Adv.\ Geosci."}
@STRING{AFM       = "Agric.\ For.\ Meteor."}
@STRING{AM        = "Ann.\ Meteor."}
@STRING{AN        = "Astrophys.\ Norv."}		% Astrophysica Norvegica
@STRING{AO        = "Atmos.--Ocean"}			% Atmosphere--Ocean, published by Canadian Meteorological Society (CMOS)
@STRING{AR        = "Atmos.\ Res."}			% Atmospheric Research
@STRING{ARFM      = "Annu.\ Rev.\ Fluid Mech."}
@STRING{AUMET     = "Aust.\ Meteor.\ Mag."}
@STRING{BAMS      = "Bull.\ Amer.\ Meteor.\ Soc."}
@STRING{CAP       = "Contrib.\ Atmos.\ Phys."}
@STRING{CC        = "Climate Change"}      % Climate Change 
@STRING{CCH       = "Climatic Change"}			% Climatic Change
@STRING{CDYN      = "Climate Dyn."}
@STRING{CHAOS     = "Chaos"}
@STRING{COL       = "Collier's"}
@STRING{CRS       = "Cont.\ Shelf Res."}
@STRING{DAO       = "Dyn.\ Atmos.\ Oceans"}
@STRING{ECO       = "Ecology"}
@STRING{EI        = "Earth Interact."}
@STRING{GA        = "Geophysica"}			% Geophysica, published by Geophysical Society of Finland 
@STRING{GEOMAG    = "Geophys.\ Mag."}
@STRING{GN        = "Geophys.\ Norv."}			% Geophysica Norvegica
@STRING{GRL       = "Geophys.\ Res.\ Lett."}
@STRING{GEOINT    = "Geofis.\ Int."}			% Geofisica Internacional (Mexican journal -- vols. 3--5 contained proceedings from a hurricane conference
@STRING{GEOPUB    = "Geofys.\ Publ."}
@STRING{GPC       = "Global Planet.\ Change"}
@STRING{HP        = "Health Phys."}
@STRING{IAOP      = "Izv.\ Atmos.\ Ocean.\ Phys.\ (Engl.\ Transl.)"}
@STRING{IJC       = "Int.\ J.\ Climatol."}
@STRING{JAM       = "J.\ Appl.\ Meteor."}		% renamed to name below in 2006
@STRING{JAMC      = "J.\ Appl.\ Meteor.\ Climatol."}  	% Journal of Applied Meteorology and Climatology (this journal used to be called the Journal of Applied Meteorology before 2006)
@STRING{JAS       = "J.\ Atmos.\ Sci."}
@STRING{JAOT      = "J.\ Atmos.\ Oceanic Technol."}
@STRING{JCAM      = "J.\ Climate Appl.\ Meteor."}	% from 1983--87, now JAMC
@STRING{JCLI      = "J.\ Climate"}
@STRING{JCR       = "J.\ Coastal Res."}
@string{JCP       = "J.\ Comp.\ Phys."}                 % added by jshaw
@STRING{JFM       = "J.\ Fluid\ Mech."}
@STRING{JEM       = "J.\ Eng.\ Math."}			% Journal of Engineering Mathematics
@STRING{JGR       = "J.\ Geophys.\ Res."}
@STRING{JHM       = "J.\ Hydrometeor."}
@STRING{JMS       = "J.\ Mar.\ Syst."}
@STRING{JM        = "J.\ Meteor."}
@STRING{JMR       = "J.\ Mar.\ Res."}
@STRING{JMSJ      = "J.\ Meteor.\ Soc.\ Japan"}
@STRING{JPO       = "J.\ Phys.\ Oceanogr."}
@STRING{JOCEAN    = "J.\ Oceanogr."}			% Journal of Oceanography
@STRING{JOSJ      = "J.\ Oceanogr.\ Soc.\ Japan"}
@STRING{JSE       = "J.\ Struct.\ Eng."}	% Journal of Structural Engineering at ASCE
@STRING{JTM       = "J.\ Tropical Meteor."}
@STRING{JWEIA     = "J.\ Wind Eng.\ Ind.\ Aerodyn."}
@STRING{MA        = "Meteor.\ Appl."}
@STRING{MAP       = "Meteor.\ Atmos.\ Phys."}
@STRING{METMON    = "Meteor.\ Monogr."}
@STRING{METZEIT   = "Meteor.\ Z."}
@STRING{MWL       = "Mar.\ Wea.\ Log"}
@STRING{MWR       = "Mon.\ Wea.\ Rev."}
@STRING{NAT       = "Nature"}
@STRING{NHR       = "Nat.\ Hazards Rev."}
@STRING{NWD       = "Natl.\ Weather Dig."}
@STRING{OA        = "Oceanol. Aeta"}
@STRING{OCEAN     = "Oceanography"}                	% a quarterly journal of The Oceanography Society
@STRING{PAG       = "Pure Appl.\ Geophys."}
@STRING{PF        = "Phys.\ Fluids"}
@STRING{PHYSD     = "Physica D"}
@STRING{PMG       = "Pap.\ Meteor.\ Geophys."}	% Papers in Meteorology and Geophysics
@STRING{PNAS      = "Proc.\ Natl.\ Acad.\ Sci.\ (USA)"}
@STRING{PRE       = "Phys.\ Rev.\ E"}
@STRING{PRSA      = "Proc.\ Roy.\ Soc."}
@STRING{PT        = "Phys.\ Today"}
@STRING{PTRS      = "Philos.\ Trans.\ Roy.\ Soc.\ London"}
@STRING{QJRMS     = "Quart.\ J.\ Roy.\ Meteor.\ Soc."}
@STRING{RGEO      = "Rev. Geophys."}
@STRING{SCI       = "Science"}
@STRING{SOLA      = "SOLA"}				% Scientific Online Letters on the Atmosphere
@STRING{TAGU      = "Eos, Trans.\ Amer.\ Geophys.\ Union"}
@STRING{TELLUS    = "Tellus"}
@STRING{TCFD      = "Theor.\ Comput.\ Fluid Dyn."}
@STRING{WEA       = "Weather"}
@STRING{WW        = "Weatherwise"}
@STRING{WF        = "Wea.\ Forecasting"}
@STRING{WMOB      = "WMO Bull."}

@inproceedings{dempsey-davis1998,
	author={Dave Dempsey and Chris Davis},
	title={Error analyses and test of pressure gradient force schemes in nonhydrostatic, mesoscale model},
	year={1998},
	pages={236--239},
	organisation=AMS,
	booktitle={{\rm Preprints,} 12th Conf.\ on Numerical Weather Prediction},
	address={Phoenix, AZ}
}

@article{galchen-somerville1975,
	title={On the Use of a Coordinate Transformation for the Solution of the Navier-Stokes Equations},
	author={Gal-Chen, Tzvi and Somerville, Richard CJ},
	journal=JCP,
	volume={17},
	pages={209--228},
	year={1975}
}

@article{good2014,
	author = {Good, Beth and Gadian, Alan and Lock, Sarah-Jane and Ross, Andrew},
	title = {Performance of the cut-cell method of representing orography in idealized simulations},
	journal = {Atmos. Sci. Lett.},
	year = {2014},
	volume = {15},
	pages = {44--49}
}

@article{jebens2011,
	title={Partially implicit peer methods for the compressible Euler equations},
	author={Jebens, Stefan and Knoth, Oswald and Weiner, R{\"u}diger},
	journal=JCP,
	volume={230},
	pages={4955--4974},
	year={2011}
}

@article{klein2009,
	title={Well-balanced compressible cut-cell simulation of atmospheric flow},
	author={Klein, R and Bates, K.R. and Nikiforakis, N},
	journal=PTRS,
	volume={367},
	pages={4559--4575},
	year={2009}
}

@article{klemp2011,
	title={A terrain-following coordinate with smoothed coordinate surfaces},
	author={Klemp, Joseph B},
	journal=MWR,
	volume={139},
	pages={2163--2169},
	year={2011}
}

@article{melvin2010,
	title={An inherently mass-conserving iterative semi-implicit semi-Lagrangian discretization of the non-hydrostatic vertical-slice equations},
	author={Melvin, Thomas and Dubal, Mark and Wood, Nigel and Staniforth, Andrew and Zerroukat, Mohamed},
	journal=QJRMS,
	volume={136},
	pages={799--814},
	year={2010}
}

@article{schaer2002,
	title={A new terrain-following vertical coordinate formulation for atmospheric prediction models},
	author={Sch{\"a}r, Christoph and Leuenberger, Daniel and Fuhrer, Oliver and L{\"u}thi, Daniel and Girard, Claude},
	journal=MWR,
	volume={130},
	pages={2459--2480},
	year={2002}
}

@article{steppeler2002,
	title={Nonhydrostatic Atmospheric Modeling using a $z$-Coordinate Representation},
	author={Steppeler, J{\"u}rgen and Bitzer, Heinz-Werner and Minotte, Maud and Bonaventura, Luca},
	journal=MWR,
	volume={130},
	pages={2143--2149},
	year={2002}
}

@article{steppeler2006,
	title={Prediction of Clouds and Rain Using a $z$-Coordinate Nonhydrostatic Model},
	author={Steppeler, J{\"u}rgen and Bitzer, Heinz-Wener and Janjic, Z and Sch{\"a}ttler, U and Prohl, P and Gjertsen, U and Torrisi, L and Parfinievicz, J and Avgoustoglou, E and Damrath, U},
	journal=MWR,
	volume={134},
	pages={3625--3643},
	year={2006}
}

@article{weller-shahrokhi2014,
	title={Curl free pressure gradients over orography in a solution of the fully compressible Euler equations with implicit treatment of acoustic and gravity waves},
	author={Hilary Weller and Ava Shahrokhi},
	journal=MWR,
	year={2014},
	volume={142},
	pages={4439--4457}
}

@article{yamazaki-satomura2010,
	title={Nonhydrostatic Atmospheric Modeling Using a Combined Cartesian Grid},
	author={Yamazaki, Hiroe and Satomura, Takehiko},
	journal=MWR,
	volume={138},
	pages={3932--3945},
	year={2010}
}

@article{zaengl2012,
	title={Extending the numerical stability limit of terrain-following coordinate models over steep slopes},
	author={Z{\"a}ngl, G{\"u}nther},
	journal=MWR,
	volume={140},
	pages={3722--3733},
	year={2012}
}
